<?xml version="1.0" encoding="UTF-8"?><collection xmlns="http://www.loc.gov/MARC21/slim"><record><leader>00402nam--2200133-i-4500</leader><controlfield tag="001">000015488</controlfield><controlfield tag="002">20161230</controlfield><controlfield tag="005">20161230201031</controlfield><controlfield tag="008">060222s1000------------r-----000-0-eng-d</controlfield><datafield ind1=" " ind2=" " tag="080"><subfield code="a">621.039.325(043)</subfield></datafield><datafield ind1=" " ind2=" " tag="100"><subfield code="a">Atanasiu, Iordan-florin</subfield></datafield><datafield ind1=" " ind2=" " tag="245"><subfield code="a">Tehnologie de separare a izotoppilor 15n prin schimb ionic. teza</subfield></datafield><datafield ind1=" " ind2=" " tag="260"><subfield code="a">Bucuresti, Comitetul De Stat Pt. Energie Nu Cleara V + 181 P</subfield></datafield><datafield ind1=" " ind2=" " tag="852"><subfield code="a">72641</subfield></datafield></record></collection>